@article{Adler89,
    author = "I. Adler and N. K. Karmarkar and M. G. C. Resende and G. Veiga",
    title = "An implementation of {Karmarkar's} algorithms for linear programming",
    journal = "Mathematical Programming",
    volume = "44",
    pages = "297--335",
    year = "1989",
    abstract= ""}

@INCOLLECTION(Andersen96,
 author = "E. Andersen and  J.Gondzio and C. Mészáros and X. Xu",
 title = "Implementation of interior point methods for linear programming",
 booktitle = "Interior Point Methods of Mathematical Programming",
 editor = "T. Terlaky ",
 publisher = "Kluwer Academic Publishers",
 year = 1996,
 pages = "189-252"
)


@InProceedings{Anstreicher96,
  author =    {Anstreicher, K. M.},
  title = 	 {Potential reduction methods},
  booktitle =  {Interior point methods in mathematical programming},
  editor =    {T. Terlaky},
  publisher = 	 {Kluwer Academic Publishers},
  year = 	 {1996}, 
  abstract=       "ok"}


@phdthesis{Baryamureeba00,
    author  =  "V. Baryamureeba",
    title   =  "On Solving  Large Sparse Linear Systems 
arising from Linear Programming and Linear Regression",
    year    =  "2000",
    month   =  "March",
    school="Department of Informatics, University of Bergen",
    ADDRESS =  "Post Box 7800, 5020 Bergen, Norway",
    URL={http://www.ii.uib.no/~barya/phd_thesis.ps}, 
 }

@PhdThesis{Carmo05,
  author = 	 {Carmo, F. C.},
  title = 	 {An\'alise da influ\^encia de algoritmos de reordena\c{c}\~ao de matrizes esparsas no desempenho do m\'etodo {$CCCG(\eta)$} },
  school = 	 {Departamento de Ci\^encia da Computa\c{c}\~ao, Universidade Federal de Minas Gerais},
  year = 	 {2005},
  type = 	 {Disserta\c{c}\~ao de Mestrado},
 
}



@Unpublished{Bocanegra04,
  author = 	 {S. Bocanegra},
  title = 	 {Algoritmos de {Newton-Krylov} precondicionados para m\'etodos de pontos interiores},
  note = 	 {Projeto de tese de doutorado. DCC-UFMG},
  month = 	 {julho},
  year = 	 {2004},
}




@Book{Brent73,
  author = 	 {R. P. Brent},
  title = 	 {Algorithms for minimization without derivatives},
  publisher = 	 {Prentice-Hall},
  year = 	 {1973},
  
}


@TechReport{Carmo02,
  author = 	 {Carmo, F. C. and Campos, F. F.},
  title = 	 {Algoritmos para reordena\c{c}\~ao de matrizes esparsas},
  institution =  {Departamento de Ci\^encia da Computa\c{c}\~ao-UFMG},
  year = 	 {2002},
  number = 	 {001-02},
  abstract= "ok" 
}



@incollection{Freund92,
    author = "Freund, R. W. and Nachtigal, N. M.",
    title = "{QMR}: A Quasi-Minimal Residual Method for Non-{H}ermitian Linear Systems",
    booktitle = "Iterative Methods in Linear Algebra",
    publisher = "Elsevier Science Publishers",
    editor = "R. Beauwens and P. de Groen",
    pages = "151--154",
    year = "1992",
    url = "citeseer.nj.nec.com/freund91qmr.html" ,
    abstract = "ok"}


